@ARTICLE{oconnor:13,
   author = {{O'Connor}, E. and {Ott}, C.~D.},
    title = "{The Progenitor Dependence of the Pre-explosion Neutrino Emission in Core-collapse Supernovae}",
  journal = {\apj},
archivePrefix = "arXiv",
   eprint = {1207.1100},
 primaryClass = "astro-ph.HE",
 keywords = {equation of state, hydrodynamics, neutrinos, stars: evolution, stars: neutron, supernovae: general},
     year = 2013,
   volume = 762,
      eid = {126},
    pages = {126},
      doi = {10.1088/0004-637X/762/2/126},
   adsurl = {http://adsabs.harvard.edu/abs/2013ApJ...762..126O},
}

@article{Piro:2011ed,
      author         = "Piro, Anthony L. and Ott, Christian D.",
      title          = "{Supernova Fallback onto Magnetars and Propeller-Powered
                        Supernovae}",
      journal        = "Astrophys.J.",
      volume         = "736",
      pages          = "108",
      doi            = "10.1088/0004-637X/736/2/108",
      year           = "2011",
      eprint         = "1104.0252",
      archivePrefix  = "arXiv",
      primaryClass   = "astro-ph.HE",
      SLACcitation   = "%%CITATION = ARXIV:1104.0252;%%",
}

